{'symbol': 'GOOGL', 'annualReports': [
        {'fiscalDateEnding': '2020-12-31', 'reportedCurrency': 'USD', 'grossProfit': '97795000000', 'totalRevenue': '182527000000', 'costOfRevenue': '84732000000', 'costofGoodsAndServicesSold': '84732000000', 'operatingIncome': '41224000000', 'sellingGeneralAndAdministrative': '28998000000', 'researchAndDevelopment': '27573000000', 'operatingExpenses': '56571000000', 'investmentIncomeNet': 'None', 'netInterestIncome': '-135000000', 'interestIncome': '1865000000', 'interestExpense': '135000000', 'nonInterestIncome': '994000000', 'otherNonOperatingIncome': '-637000000', 'depreciation': 'None', 'depreciationAndAmortization': '13697000000', 'incomeBeforeTax': '48082000000', 'incomeTaxExpense': '7813000000', 'interestAndDebtExpense': '135000000', 'netIncomeFromContinuingOperations': '40269000000', 'comprehensiveIncomeNetOfTax': '42134000000', 'ebit': '41224000000', 'ebitda': '54921000000', 'netIncome': '40269000000'
        },
        {'fiscalDateEnding': '2019-12-31', 'reportedCurrency': 'USD', 'grossProfit': '-71590000000', 'totalRevenue': '162163000000', 'costOfRevenue': '71896000000', 'costofGoodsAndServicesSold': '71896000000', 'operatingIncome': '34231000000', 'sellingGeneralAndAdministrative': '28015000000', 'researchAndDevelopment': '26018000000', 'operatingExpenses': '54033000000', 'investmentIncomeNet': 'None', 'netInterestIncome': '-100000000', 'interestIncome': '2427000000', 'interestExpense': '100000000', 'nonInterestIncome': '162263000000', 'otherNonOperatingIncome': '102000000', 'depreciation': 'None', 'depreciationAndAmortization': '11781000000', 'incomeBeforeTax': '39625000000', 'incomeTaxExpense': '5282000000', 'interestAndDebtExpense': '100000000', 'netIncomeFromContinuingOperations': '34343000000', 'comprehensiveIncomeNetOfTax': '35447000000', 'ebit': '34231000000', 'ebitda': '46012000000', 'netIncome': '34343000000'
        },
        {'fiscalDateEnding': '2018-12-31', 'reportedCurrency': 'USD', 'grossProfit': '-57233000000', 'totalRevenue': '139135000000', 'costOfRevenue': '59549000000', 'costofGoodsAndServicesSold': '59549000000', 'operatingIncome': '27524000000', 'sellingGeneralAndAdministrative': '23256000000', 'researchAndDevelopment': '21419000000', 'operatingExpenses': '44675000000', 'investmentIncomeNet': 'None', 'netInterestIncome': '-114000000', 'interestIncome': '1878000000', 'interestExpense': '114000000', 'nonInterestIncome': '139249000000', 'otherNonOperatingIncome': '378000000', 'depreciation': 'None', 'depreciationAndAmortization': '9035000000', 'incomeBeforeTax': '34913000000', 'incomeTaxExpense': '4177000000', 'interestAndDebtExpense': '114000000', 'netIncomeFromContinuingOperations': '30736000000', 'comprehensiveIncomeNetOfTax': '29520000000', 'ebit': '27524000000', 'ebitda': '36559000000', 'netIncome': '30736000000'
        },
        {'fiscalDateEnding': '2017-12-31', 'reportedCurrency': 'USD', 'grossProfit': '-46092000000', 'totalRevenue': '110346000000', 'costOfRevenue': '45583000000', 'costofGoodsAndServicesSold': '45583000000', 'operatingIncome': '26178000000', 'sellingGeneralAndAdministrative': '19733000000', 'researchAndDevelopment': '16625000000', 'operatingExpenses': '36358000000', 'investmentIncomeNet': 'None', 'netInterestIncome': '-109000000', 'interestIncome': '1312000000', 'interestExpense': '109000000', 'nonInterestIncome': '110455000000', 'otherNonOperatingIncome': '158000000', 'depreciation': 'None', 'depreciationAndAmortization': '6915000000', 'incomeBeforeTax': '27193000000', 'incomeTaxExpense': '14531000000', 'interestAndDebtExpense': '109000000', 'netIncomeFromContinuingOperations': '12662000000', 'comprehensiveIncomeNetOfTax': '14072000000', 'ebit': '26178000000', 'ebitda': '33093000000', 'netIncome': '12662000000'
        },
        {'fiscalDateEnding': '2016-12-31', 'reportedCurrency': 'USD', 'grossProfit': '55134000000', 'totalRevenue': '90272000000', 'costOfRevenue': '35138000000', 'costofGoodsAndServicesSold': '35138000000', 'operatingIncome': '23716000000', 'sellingGeneralAndAdministrative': '17470000000', 'researchAndDevelopment': '13948000000', 'operatingExpenses': '31418000000', 'investmentIncomeNet': 'None', 'netInterestIncome': '-124000000', 'interestIncome': '1220000000', 'interestExpense': '124000000', 'nonInterestIncome': '-475000000', 'otherNonOperatingIncome': '88000000', 'depreciation': 'None', 'depreciationAndAmortization': '6144000000', 'incomeBeforeTax': '24150000000', 'incomeTaxExpense': '4672000000', 'interestAndDebtExpense': '124000000', 'netIncomeFromContinuingOperations': '19478000000', 'comprehensiveIncomeNetOfTax': '18950000000', 'ebit': '23716000000', 'ebitda': '29860000000', 'netIncome': '19478000000'
        }
    ], 'quarterlyReports': [
        {'fiscalDateEnding': '2020-12-31', 'reportedCurrency': 'USD', 'grossProfit': '30038000000', 'totalRevenue': '56118000000', 'costOfRevenue': '26080000000', 'costofGoodsAndServicesSold': '26080000000', 'operatingIncome': '15651000000', 'sellingGeneralAndAdministrative': '8145000000', 'researchAndDevelopment': '7022000000', 'operatingExpenses': '15167000000', 'investmentIncomeNet': 'None', 'netInterestIncome': '-53000000', 'interestIncome': '386000000', 'interestExpense': '53000000', 'nonInterestIncome': '-125497000000', 'otherNonOperatingIncome': '-420000000', 'depreciation': 'None', 'depreciationAndAmortization': '3725000000', 'incomeBeforeTax': '18689000000', 'incomeTaxExpense': '3462000000', 'interestAndDebtExpense': '53000000', 'netIncomeFromContinuingOperations': '15227000000', 'comprehensiveIncomeNetOfTax': '15814000000', 'ebit': '15651000000', 'ebitda': '19376000000', 'netIncome': '15227000000'
        },
        {'fiscalDateEnding': '2020-09-30', 'reportedCurrency': 'USD', 'grossProfit': '25211000000', 'totalRevenue': '46328000000', 'costOfRevenue': '21117000000', 'costofGoodsAndServicesSold': '21117000000', 'operatingIncome': '11213000000', 'sellingGeneralAndAdministrative': '6987000000', 'researchAndDevelopment': '6856000000', 'operatingExpenses': '13843000000', 'investmentIncomeNet': 'None', 'netInterestIncome': '-48000000', 'interestIncome': '460000000', 'interestExpense': '48000000', 'nonInterestIncome': '46376000000', 'otherNonOperatingIncome': '-88000000', 'depreciation': 'None', 'depreciationAndAmortization': '3478000000', 'incomeBeforeTax': '13359000000', 'incomeTaxExpense': '2112000000', 'interestAndDebtExpense': '48000000', 'netIncomeFromContinuingOperations': '11247000000', 'comprehensiveIncomeNetOfTax': '11589000000', 'ebit': '11213000000', 'ebitda': '14691000000', 'netIncome': '11247000000'
        },
        {'fiscalDateEnding': '2020-06-30', 'reportedCurrency': 'USD', 'grossProfit': '20195000000', 'totalRevenue': '38748000000', 'costOfRevenue': '18553000000', 'costofGoodsAndServicesSold': '18553000000', 'operatingIncome': '6383000000', 'sellingGeneralAndAdministrative': '6486000000', 'researchAndDevelopment': '6875000000', 'operatingExpenses': '13361000000', 'investmentIncomeNet': 'None', 'netInterestIncome': '-13000000', 'interestIncome': '433000000', 'interestExpense': '13000000', 'nonInterestIncome': '38761000000', 'otherNonOperatingIncome': '-147000000', 'depreciation': 'None', 'depreciationAndAmortization': '3386000000', 'incomeBeforeTax': '8277000000', 'incomeTaxExpense': '1318000000', 'interestAndDebtExpense': '13000000', 'netIncomeFromContinuingOperations': '6959000000', 'comprehensiveIncomeNetOfTax': '7760000000', 'ebit': '6383000000', 'ebitda': '9769000000', 'netIncome': '6959000000'
        },
        {'fiscalDateEnding': '2020-03-31', 'reportedCurrency': 'USD', 'grossProfit': '-18852000000', 'totalRevenue': '41289000000', 'costOfRevenue': '18982000000', 'costofGoodsAndServicesSold': '18982000000', 'operatingIncome': '7977000000', 'sellingGeneralAndAdministrative': '7380000000', 'researchAndDevelopment': '6820000000', 'operatingExpenses': '14200000000', 'investmentIncomeNet': 'None', 'netInterestIncome': '-21000000', 'interestIncome': '586000000', 'interestExpense': '21000000', 'nonInterestIncome': '41310000000', 'otherNonOperatingIncome': '18000000', 'depreciation': 'None', 'depreciationAndAmortization': '3108000000', 'incomeBeforeTax': '7757000000', 'incomeTaxExpense': '921000000', 'interestAndDebtExpense': '21000000', 'netIncomeFromContinuingOperations': '6836000000', 'comprehensiveIncomeNetOfTax': '6971000000', 'ebit': '7977000000', 'ebitda': '11085000000', 'netIncome': '6836000000'
        },
        {'fiscalDateEnding': '2019-12-31', 'reportedCurrency': 'USD', 'grossProfit': '-137366000000', 'totalRevenue': '45511000000', 'costOfRevenue': '21020000000', 'costofGoodsAndServicesSold': '21020000000', 'operatingIncome': '9266000000', 'sellingGeneralAndAdministrative': '8567000000', 'researchAndDevelopment': '7222000000', 'operatingExpenses': '15789000000', 'investmentIncomeNet': 'None', 'netInterestIncome': '-17000000', 'interestIncome': '621000000', 'interestExpense': '17000000', 'nonInterestIncome': '45528000000', 'otherNonOperatingIncome': '-72000000', 'depreciation': 'None', 'depreciationAndAmortization': '3413000000', 'incomeBeforeTax': '10704000000', 'incomeTaxExpense': '33000000', 'interestAndDebtExpense': '17000000', 'netIncomeFromContinuingOperations': '10671000000', 'comprehensiveIncomeNetOfTax': '10635000000', 'ebit': '9266000000', 'ebitda': '12679000000', 'netIncome': '10671000000'
        },
        {'fiscalDateEnding': '2019-09-30', 'reportedCurrency': 'USD', 'grossProfit': '23368000000', 'totalRevenue': '40936000000', 'costOfRevenue': '17568000000', 'costofGoodsAndServicesSold': '17568000000', 'operatingIncome': '9177000000', 'sellingGeneralAndAdministrative': '7200000000', 'researchAndDevelopment': '6554000000', 'operatingExpenses': '13754000000', 'investmentIncomeNet': 'None', 'netInterestIncome': '-23000000', 'interestIncome': '631000000', 'interestExpense': '23000000', 'nonInterestIncome': '40959000000', 'otherNonOperatingIncome': '68000000', 'depreciation': 'None', 'depreciationAndAmortization': '2920000000', 'incomeBeforeTax': '8628000000', 'incomeTaxExpense': '1560000000', 'interestAndDebtExpense': '23000000', 'netIncomeFromContinuingOperations': '7068000000', 'comprehensiveIncomeNetOfTax': '6963000000', 'ebit': '9177000000', 'ebitda': '12097000000', 'netIncome': '7068000000'
        },
        {'fiscalDateEnding': '2019-06-30', 'reportedCurrency': 'USD', 'grossProfit': '21857000000', 'totalRevenue': '39153000000', 'costOfRevenue': '17296000000', 'costofGoodsAndServicesSold': '17296000000', 'operatingIncome': '9180000000', 'sellingGeneralAndAdministrative': '6255000000', 'researchAndDevelopment': '6213000000', 'operatingExpenses': '12468000000', 'investmentIncomeNet': 'None', 'netInterestIncome': '-25000000', 'interestIncome': '653000000', 'interestExpense': '25000000', 'nonInterestIncome': '39178000000', 'otherNonOperatingIncome': '53000000', 'depreciation': 'None', 'depreciationAndAmortization': '2835000000', 'incomeBeforeTax': '12147000000', 'incomeTaxExpense': '2200000000', 'interestAndDebtExpense': '25000000', 'netIncomeFromContinuingOperations': '9947000000', 'comprehensiveIncomeNetOfTax': '10636000000', 'ebit': '9180000000', 'ebitda': '12015000000', 'netIncome': '9947000000'
        },
        {'fiscalDateEnding': '2019-03-31', 'reportedCurrency': 'USD', 'grossProfit': '-15796000000', 'totalRevenue': '36555000000', 'costOfRevenue': '16012000000', 'costofGoodsAndServicesSold': '16012000000', 'operatingIncome': '6608000000', 'sellingGeneralAndAdministrative': '5993000000', 'researchAndDevelopment': '6029000000', 'operatingExpenses': '12022000000', 'investmentIncomeNet': 'None', 'netInterestIncome': '-35000000', 'interestIncome': '1417000000', 'interestExpense': '35000000', 'nonInterestIncome': '36590000000', 'otherNonOperatingIncome': '53000000', 'depreciation': 'None', 'depreciationAndAmortization': '2613000000', 'incomeBeforeTax': '8146000000', 'incomeTaxExpense': '1489000000', 'interestAndDebtExpense': '35000000', 'netIncomeFromContinuingOperations': '6657000000', 'comprehensiveIncomeNetOfTax': '7213000000', 'ebit': '6608000000', 'ebitda': '9221000000', 'netIncome': '6657000000'
        },
        {'fiscalDateEnding': '2018-12-31', 'reportedCurrency': 'USD', 'grossProfit': '-113007000000', 'totalRevenue': '41730000000', 'costOfRevenue': '17918000000', 'costofGoodsAndServicesSold': '17918000000', 'operatingIncome': '8203000000', 'sellingGeneralAndAdministrative': '7121000000', 'researchAndDevelopment': '6034000000', 'operatingExpenses': '13155000000', 'investmentIncomeNet': 'None', 'netInterestIncome': '-29000000', 'interestIncome': 'None', 'interestExpense': '29000000', 'nonInterestIncome': '40666000000', 'otherNonOperatingIncome': '68000000', 'depreciation': 'None', 'depreciationAndAmortization': '2580000000', 'incomeBeforeTax': '10072000000', 'incomeTaxExpense': '1124000000', 'interestAndDebtExpense': '29000000', 'netIncomeFromContinuingOperations': '8948000000', 'comprehensiveIncomeNetOfTax': '8318000000', 'ebit': '8203000000', 'ebitda': '10801000000', 'netIncome': '8948000000'
        },
        {'fiscalDateEnding': '2018-09-30', 'reportedCurrency': 'USD', 'grossProfit': '19459000000', 'totalRevenue': '33740000000', 'costOfRevenue': '14281000000', 'costofGoodsAndServicesSold': '14281000000', 'operatingIncome': '8310000000', 'sellingGeneralAndAdministrative': '5917000000', 'researchAndDevelopment': '5232000000', 'operatingExpenses': '11149000000', 'investmentIncomeNet': 'None', 'netInterestIncome': '-28000000', 'interestIncome': 'None', 'interestExpense': '28000000', 'nonInterestIncome': '34108000000', 'otherNonOperatingIncome': '49000000', 'depreciation': 'None', 'depreciationAndAmortization': '2355000000', 'incomeBeforeTax': '10083000000', 'incomeTaxExpense': '891000000', 'interestAndDebtExpense': '28000000', 'netIncomeFromContinuingOperations': '9192000000', 'comprehensiveIncomeNetOfTax': '9041000000', 'ebit': '8310000000', 'ebitda': '10980000000', 'netIncome': '9192000000'
        },
        {'fiscalDateEnding': '2018-06-30', 'reportedCurrency': 'USD', 'grossProfit': '18774000000', 'totalRevenue': '32657000000', 'costOfRevenue': '13883000000', 'costofGoodsAndServicesSold': '13883000000', 'operatingIncome': '2807000000', 'sellingGeneralAndAdministrative': '5782000000', 'researchAndDevelopment': '5114000000', 'operatingExpenses': '10896000000', 'investmentIncomeNet': 'None', 'netInterestIncome': '-27000000', 'interestIncome': 'None', 'interestExpense': '27000000', 'nonInterestIncome': '33145000000', 'otherNonOperatingIncome': '49000000', 'depreciation': 'None', 'depreciationAndAmortization': '2114000000', 'incomeBeforeTax': '4215000000', 'incomeTaxExpense': '1020000000', 'interestAndDebtExpense': '27000000', 'netIncomeFromContinuingOperations': '3195000000', 'comprehensiveIncomeNetOfTax': '2340000000', 'ebit': '2807000000', 'ebitda': '5159000000', 'netIncome': '3195000000'
        },
        {'fiscalDateEnding': '2018-03-31', 'reportedCurrency': 'USD', 'grossProfit': '17679000000', 'totalRevenue': '31146000000', 'costOfRevenue': '13467000000', 'costofGoodsAndServicesSold': '13467000000', 'operatingIncome': '7001000000', 'sellingGeneralAndAdministrative': '5639000000', 'researchAndDevelopment': '5039000000', 'operatingExpenses': '10678000000', 'investmentIncomeNet': 'None', 'netInterestIncome': '-30000000', 'interestIncome': 'None', 'interestExpense': '30000000', 'nonInterestIncome': '31122000000', 'otherNonOperatingIncome': '212000000', 'depreciation': 'None', 'depreciationAndAmortization': '1986000000', 'incomeBeforeTax': '10543000000', 'incomeTaxExpense': '1142000000', 'interestAndDebtExpense': '30000000', 'netIncomeFromContinuingOperations': '9401000000', 'comprehensiveIncomeNetOfTax': '9821000000', 'ebit': '7001000000', 'ebitda': '9619000000', 'netIncome': '9401000000'
        },
        {'fiscalDateEnding': '2017-12-31', 'reportedCurrency': 'USD', 'grossProfit': '18056000000', 'totalRevenue': '32323000000', 'costOfRevenue': '14267000000', 'costofGoodsAndServicesSold': '14267000000', 'operatingIncome': '7664000000', 'sellingGeneralAndAdministrative': '6086000000', 'researchAndDevelopment': '4306000000', 'operatingExpenses': '10392000000', 'investmentIncomeNet': 'None', 'netInterestIncome': '-36000000', 'interestIncome': 'None', 'interestExpense': '36000000', 'nonInterestIncome': '-20000000', 'otherNonOperatingIncome': '44000000', 'depreciation': 'None', 'depreciationAndAmortization': '2026000000', 'incomeBeforeTax': '8018000000', 'incomeTaxExpense': '11038000000', 'interestAndDebtExpense': '36000000', 'netIncomeFromContinuingOperations': '-3083000000', 'comprehensiveIncomeNetOfTax': '-3266000000', 'ebit': '7664000000', 'ebitda': '9690000000', 'netIncome': '-3020000000'
        },
        {'fiscalDateEnding': '2017-09-30', 'reportedCurrency': 'USD', 'grossProfit': '16624000000', 'totalRevenue': '27772000000', 'costOfRevenue': '11148000000', 'costofGoodsAndServicesSold': '11148000000', 'operatingIncome': '7782000000', 'sellingGeneralAndAdministrative': '4637000000', 'researchAndDevelopment': '4205000000', 'operatingExpenses': '8842000000', 'investmentIncomeNet': 'None', 'netInterestIncome': '-27000000', 'interestIncome': 'None', 'interestExpense': '27000000', 'nonInterestIncome': '-53000000', 'otherNonOperatingIncome': '47000000', 'depreciation': 'None', 'depreciationAndAmortization': '1761000000', 'incomeBeforeTax': '7979000000', 'incomeTaxExpense': '1247000000', 'interestAndDebtExpense': '27000000', 'netIncomeFromContinuingOperations': '6701000000', 'comprehensiveIncomeNetOfTax': '7714000000', 'ebit': '7782000000', 'ebitda': '9543000000', 'netIncome': '6732000000'
        },
        {'fiscalDateEnding': '2017-06-30', 'reportedCurrency': 'USD', 'grossProfit': '15637000000', 'totalRevenue': '26010000000', 'costOfRevenue': '10373000000', 'costofGoodsAndServicesSold': '10373000000', 'operatingIncome': '4132000000', 'sellingGeneralAndAdministrative': '4597000000', 'researchAndDevelopment': '4172000000', 'operatingExpenses': '8769000000', 'investmentIncomeNet': 'None', 'netInterestIncome': '-21000000', 'interestIncome': 'None', 'interestExpense': '21000000', 'nonInterestIncome': '-46000000', 'otherNonOperatingIncome': '34000000', 'depreciation': 'None', 'depreciationAndAmortization': '1625000000', 'incomeBeforeTax': '4377000000', 'incomeTaxExpense': '853000000', 'interestAndDebtExpense': '21000000', 'netIncomeFromContinuingOperations': '3511000000', 'comprehensiveIncomeNetOfTax': '3965000000', 'ebit': '4132000000', 'ebitda': '5757000000', 'netIncome': '3524000000'
        },
        {'fiscalDateEnding': '2017-03-31', 'reportedCurrency': 'USD', 'grossProfit': '14955000000', 'totalRevenue': '24750000000', 'costOfRevenue': '9795000000', 'costofGoodsAndServicesSold': '9795000000', 'operatingIncome': '6568000000', 'sellingGeneralAndAdministrative': '4445000000', 'researchAndDevelopment': '3942000000', 'operatingExpenses': '8387000000', 'investmentIncomeNet': 'None', 'netInterestIncome': '-25000000', 'interestIncome': 'None', 'interestExpense': '25000000', 'nonInterestIncome': '-2000000', 'otherNonOperatingIncome': '34000000', 'depreciation': 'None', 'depreciationAndAmortization': '1503000000', 'incomeBeforeTax': '6819000000', 'incomeTaxExpense': '1393000000', 'interestAndDebtExpense': '25000000', 'netIncomeFromContinuingOperations': '5377000000', 'comprehensiveIncomeNetOfTax': '5659000000', 'ebit': '6568000000', 'ebitda': '8071000000', 'netIncome': '5426000000'
        },
        {'fiscalDateEnding': '2016-12-31', 'reportedCurrency': 'USD', 'grossProfit': '15403000000', 'totalRevenue': '26064000000', 'costOfRevenue': '10661000000', 'costofGoodsAndServicesSold': '10661000000', 'operatingIncome': '6639000000', 'sellingGeneralAndAdministrative': '5142000000', 'researchAndDevelopment': '3622000000', 'operatingExpenses': '8764000000', 'investmentIncomeNet': 'None', 'netInterestIncome': '-33000000', 'interestIncome': 'None', 'interestExpense': '33000000', 'nonInterestIncome': '-38000000', 'otherNonOperatingIncome': '35000000', 'depreciation': 'None', 'depreciationAndAmortization': '1687000000', 'incomeBeforeTax': '6857000000', 'incomeTaxExpense': '1524000000', 'interestAndDebtExpense': '33000000', 'netIncomeFromContinuingOperations': '5542000000', 'comprehensiveIncomeNetOfTax': '3963000000', 'ebit': '6639000000', 'ebitda': '8326000000', 'netIncome': '5333000000'
        },
        {'fiscalDateEnding': '2016-09-30', 'reportedCurrency': 'USD', 'grossProfit': '13752000000', 'totalRevenue': '22451000000', 'costOfRevenue': '8699000000', 'costofGoodsAndServicesSold': '8699000000', 'operatingIncome': '5767000000', 'sellingGeneralAndAdministrative': '4389000000', 'researchAndDevelopment': '3596000000', 'operatingExpenses': '7985000000', 'investmentIncomeNet': 'None', 'netInterestIncome': '-29000000', 'interestIncome': 'None', 'interestExpense': '29000000', 'nonInterestIncome': '-123000000', 'otherNonOperatingIncome': '22000000', 'depreciation': 'None', 'depreciationAndAmortization': '1596000000', 'incomeBeforeTax': '6045000000', 'incomeTaxExpense': '984000000', 'interestAndDebtExpense': '29000000', 'netIncomeFromContinuingOperations': '5000000000', 'comprehensiveIncomeNetOfTax': '5180000000', 'ebit': '5767000000', 'ebitda': '7363000000', 'netIncome': '5061000000'
        },
        {'fiscalDateEnding': '2016-06-30', 'reportedCurrency': 'USD', 'grossProfit': '13370000000', 'totalRevenue': '21500000000', 'costOfRevenue': '8130000000', 'costofGoodsAndServicesSold': '8130000000', 'operatingIncome': '5968000000', 'sellingGeneralAndAdministrative': '4039000000', 'researchAndDevelopment': '3363000000', 'operatingExpenses': '7402000000', 'investmentIncomeNet': 'None', 'netInterestIncome': '-32000000', 'interestIncome': 'None', 'interestExpense': '32000000', 'nonInterestIncome': '-128000000', 'otherNonOperatingIncome': '18000000', 'depreciation': 'None', 'depreciationAndAmortization': '1490000000', 'incomeBeforeTax': '6119000000', 'incomeTaxExpense': '1242000000', 'interestAndDebtExpense': '32000000', 'netIncomeFromContinuingOperations': '4834000000', 'comprehensiveIncomeNetOfTax': '5020000000', 'ebit': '5968000000', 'ebitda': '7458000000', 'netIncome': '4877000000'
        },
        {'fiscalDateEnding': '2016-03-31', 'reportedCurrency': 'USD', 'grossProfit': '12609000000', 'totalRevenue': '20257000000', 'costOfRevenue': '7648000000', 'costofGoodsAndServicesSold': '7648000000', 'operatingIncome': '5342000000', 'sellingGeneralAndAdministrative': '3900000000', 'researchAndDevelopment': '3367000000', 'operatingExpenses': '7267000000', 'investmentIncomeNet': 'None', 'netInterestIncome': '-30000000', 'interestIncome': 'None', 'interestExpense': '30000000', 'nonInterestIncome': '-186000000', 'otherNonOperatingIncome': '13000000', 'depreciation': 'None', 'depreciationAndAmortization': '1371000000', 'incomeBeforeTax': '5129000000', 'incomeTaxExpense': '922000000', 'interestAndDebtExpense': '30000000', 'netIncomeFromContinuingOperations': '4102000000', 'comprehensiveIncomeNetOfTax': '4787000000', 'ebit': '5342000000', 'ebitda': '6713000000', 'netIncome': '4207000000'
        }
    ]
}